@string{Sel+Hin:HBC-1980 = {To {H}.~{B}.\ {C}urry: Essays on Combinatory Logic,
                            Lambda Calculus, and Formalism}}


@article{Aiken:1999,
  author       = {Alexander Aiken},
  title        = {Introduction to set constraint-based program analysis},
  journal      = {Sci. Comput. Program.},
  volume       = {35},
  number       = {2-3},
  year         = {1999},
  issn         = {0167-6423},
  pages        = {79--111},
  doi          = {http://dx.doi.org/10.1016/S0167-6423(99)00007-6},
  publisher    = {Elsevier North-Holland, Inc.},
  address      = {Amsterdam, The Netherlands, The Netherlands},
}


@inproceedings{Aiken+Wimmers:1993,
  author       = {Alexander Aiken and
                  Edward L. Wimmers},
  title        = {Type inclusion constraints and type inference},
  booktitle    = {FPCA '93: Proceedings of the conference on Functional programming languages and computer architecture},
  year         = {1993},
  isbn         = {0-89791-595-X},
  pages        = {31--41},
  location     = {Copenhagen, Denmark},
  doi          = {http://doi.acm.org/10.1145/165180.165188},
  publisher    = {ACM},
  address      = {New York, NY, USA},
}


@inproceedings{Aiken+Wimmers+Lakshman:1994,
  author       = {Alexander Aiken and
                  Edward L. Wimmers and
                  T. K. Lakshman},
  title        = {Soft typing with conditional types},
  booktitle    = {POPL '94: Proceedings of the 21st ACM SIGPLAN-SIGACT symposium on Principles of programming languages},
  year         = {1994},
  isbn         = {0-89791-636-0},
  pages        = {163--173},
  location     = {Portland, Oregon, United States},
  doi          = {http://doi.acm.org/10.1145/174675.177847},
  publisher    = {ACM},
  address      = {New York, NY, USA},
}


@inproceedings{Alves+Fernandez+Florido+Mackie:2007,
  author       = {Sandra Alves and
                  Maribel Fern{\'a}ndez and
                  M{\'a}rio Florido and
                  Ian Mackie},
  title        = {Iterator Types},
  pages        = {17--31},
  ee           = {http://dx.doi.org/10.1007/978-3-540-71389-0_3},
  crossref     = {DBLP:conf/fossacs/2007},
  bibsource    = {DBLP, http://dblp.uni-trier.de}
}


@article{Appel:1993,
  author       = {Andrew W. Appel},
  title        = {A Critique of {S}tandard {ML}},
  journal      = {J. Funct. Program.},
  volume       = {3},
  number       = {4},
  year         = {1993},
  pages        = {391--429},
  bibsource    = {DBLP, http://dblp.uni-trier.de}
}


@techreport{Asperti+Tassi:2006,
  author       = {Andrea Asperti and
                  Enrico Tassi},
  title        = {Modified Realizability and Inductive Types},
  institution  = {Department of Computer Science, University of Bologna},
  year         = {2006}
}


@book{Baader+Nipkow:1998,
  author       = {Franz Baader and
                  Tobias Nipkow},
  title        = {Term rewriting and all that},
  year         = {1998},
  isbn         = {0-521-45520-0},
  publisher    = {Cambridge University Press},
  address      = {New York, NY, USA}
}


@inproceedings{Bailey+Stuckey:2005,
  author       = {James Bailey and
                  Peter J. Stuckey},
  title        = {Discovery of Minimal Unsatisfiable Subsets of Constraints
                  Using Hitting Set Dualization},
  pages        = {174--186},
  ee           = {http://springerlink.metapress.com/openurl.asp?genre=article{\&}issn=0302-9743{\&}volume=3350{\&}spage=174},
  crossref     = {DBLP:conf/padl/2005},
  bibsource    = {DBLP, http://dblp.uni-trier.de}
}


@inproceedings{Banda+Stuckey+Wazny:2003,
  author       = {Maria Garcia de la Banda and
                  Peter J. Stuckey and
                  Jeremy Wazny},
  title        = {Finding all minimal unsatisfiable subsets},
  booktitle    = {PPDP '03: Proceedings of the 5th ACM SIGPLAN international conference on Principles and practice of declaritive programming},
  year         = {2003},
  isbn         = {1-58113-705-2},
  pages        = {32--43},
  location     = {Uppsala, Sweden},
  doi          = {http://doi.acm.org/10.1145/888251.888256},
  publisher    = {ACM},
  address      = {New York, NY, USA},
}


@book{Barendregt:1984,
  author       = {Henk P. Barendregt},
  title        = {The Lambda Calculus: Its Syntax and Semantics.},
  publisher    = {North-Holland},
  year         = {1984},
  xvolume      = {103},
  xseries      = {Studies in Logic and the Foundations of Mathematics},
  xaddress     = {Amsterdam},
  edition      = {Revised},
  isbn         = {0-444-88748-1 (hardback)}
}


@incollection{Barendregt:1992,
  author       = {Henk P. Barendregt},
  title        = {Lambda Calculi with Types},
  booktitle    = {Handbook of Logic in Computer Science,
                  Volumes 1 (Background: Mathematical Structures)
                  and 2 (Background: Computational Structures),
                  Abramsky \& Gabbay \& Maibaum (Eds.), Clarendon},
  volume       = {2},
  year         = {1992},
  url          = {citeseer.ist.psu.edu/barendregt92lambda.html},
  publisher    = {Oxford University Press, Inc., New York, NY, USA}
}


@article{Barendregt+Coppo+Dezani:1983,
  author    = {Henk P. Barendregt and
               Mario Coppo and
               Mariangiola Dezani-Ciancaglini},
  title     = {A Filter Lambda Model and the Completness of Type Assignment.},
  year      = {1983},
  journal   = {The Journal of Symbolic Logic},
  volume    = {48},
  number    = {4}
}


@techreport{Barendregt+Bergstra+Klop+Volken:1976,
  author       = {Henk P. Barendregt and
                  Jan A. Bergstra and
                  Jan W. Klop and
                  Henri Volken},
  title        = {Degrees, reductions and representability in the lambda calculus.},
  type         = {Technical Report},
  institution  = {University of Utrecht, Department of Mathematics},
  number       = {Preprint no. 22},
  year         = {1976},
  pages        = {13--53}
}


@article{Beaven+Stansifer:1993,
  author       = {Mike Beaven and
                  Ryan Stansifer},
  title        = {Explaining type errors in polymorphic languages},
  journal      = {ACM Letters on Programming Languages and Systems},
  volume       = {2},
  number       = {1-4},
  year         = {1993},
  issn         = {1057-4514},
  pages        = {17--30},
  doi          = {http://doi.acm.org/10.1145/176454.176460},
  publisher    = {ACM},
  address      = {New York, NY, USA}
}


@misc{Becker:2008,
  author       = {Benus Becker},
  title        = {EasyOCaml},
  year         = {2008},
  note         = {\url{http://easyocaml.forge.ocamlcore.org/}}
}


@phdthesis{Blume:1997,
   author      = {Matthias Blume},
   school      = {Princeton University},
   title       = {Hierarchical Modularity and Intermodule Optimization},
   year        = {1997},
   month       = {November},
   url         = {\url{http://people.cs.uchicago.edu/~blume/papers/thesis.pdf}},
}


@article{Blume:1999,
  author       = {Matthias Blume},
  title        = {Dependency analysis for {S}tandard {ML}},
  journal      = {ACM Trans. Program. Lang. Syst.},
  volume       = {21},
  number       = {4},
  year         = {1999},
  pages        = {790--812},
  ee           = {http://doi.acm.org/10.1145/325478.325481},
  bibsource    = {DBLP, http://dblp.uni-trier.de}
}


@inproceedings{Bonniot:2002,
  author       = {Daniel Bonniot},
  title        = {Type-checking multi-methods in {ML} (A modular approach)},
  booktitle    = {In The Ninth International Workshop on Foundations of Object-Oriented Languages, FOOL 9},
  year         = {2002},
  pages        = {14--27}
}


@inproceedings{Boustani+Hage:2009,
  author    = {Nabil El Boustani and
               Jurriaan Hage},
  title     = {Improving type error messages for {G}eneric {J}ava},
  booktitle = {PEPM},
  year      = {2009},
  pages     = {131--140},
  ee        = {http://doi.acm.org/10.1145/1480945.1480964},
  crossref  = {DBLP:conf/pepm/2009},
  bibsource = {DBLP, http://dblp.uni-trier.de}
}


@inproceedings{Boustani+Hage:2010,
  author    = {Nabil El Boustani and
               Jurriaan Hage},
  title     = {Corrective hints for type incorrect {G}eneric {J}ava programs},
  booktitle = {PEPM},
  year      = {2010},
  pages     = {5--14},
  ee        = {http://doi.acm.org/10.1145/1706356.1706360},
  crossref  = {DBLP:conf/pepm/2010},
  bibsource = {DBLP, http://dblp.uni-trier.de}
}


@inproceedings{Brael:2004,
  author       = {Bernd Bra{\ss}el},
  title        = {Type{H}ope - There is Hope for your Type Errors},
  pages        = {185--198},
  ee           = {http://dx.doi.org/10.1007/11431664_5},
  crossref     = {DBLP:conf/ifl/2004},
  bibsource    = {DBLP, http://dblp.uni-trier.de}
}


misc{Carlier+Haack+Wells:2002,
  author       = {S\'ebastien Carlier and
                  Christian Haack and
                  J. B. Wells},
  title        = {Web demo: Type error slicing},
  year         = {2002},
  note         = {\url{http://www.macs.hw.ac.uk/ultra/compositional-analysis/ type-error-slicing/}}
}


@inproceedings{Carlier+Polakow+Wells+Kfoury:2004,
  author       = {S{\'e}bastien Carlier and
                  Jeff Polakow and
                  J. B. Wells and
                  Assaf J. Kfoury},
  title        = {System {E}: Expansion Variables for Flexible Typing with Linear
                  and Non-linear Types and Intersection Types},
  year         = {2004},
  pages        = {294--309},
  ee           = {http://springerlink.metapress.com/openurl.asp?genre=article{\&}issn=0302-9743{\&}volume=2986{\&}spage=294},
  crossref     = {DBLP:conf/esop/2004},
  bibsource    = {DBLP, http://dblp.uni-trier.de}
}


@article{Carlier+Wells:2005,
  author       = {S{\'e}bastien Carlier and
                  J. B. Wells},
  title        = {Expansion: the Crucial Mechanism for Type Inference with
                  Intersection Types: A Survey and Explanation},
  journal      = {Electr. Notes Theor. Comput. Sci.},
  volume       = {136},
  year         = {2005},
  pages        = {173--202},
  ee           = {http://dx.doi.org/10.1016/j.entcs.2005.03.026},
  bibsource    = {DBLP, http://dblp.uni-trier.de}
}


@unpublished{Carlier+Wells:2008,
  author       = {S\'{e}bastien Carlier and
                  J. B. Wells},
  title        = {The algebra of expansion},
  note         = {Draft corresponding roughly to an ITRS 2008 workshop talk},
  year         = {2008}
}


@inproceedings{Chambers+Grossman+Lerner:2006,
  author       = {Benjamin Lerner and
                  Dan Grossman and
                  Craig Chambers},
  title        = {{SEMINAL}: Searching for {ML} Type-Error Messages},
  pages        = {63--73},
  ee           = {http://doi.acm.org/10.1145/1159876.1159887},
  crossref     = {DBLP:conf/ml/2006},
  bibsource    = {DBLP, http://dblp.uni-trier.de}
}


@inproceedings{Chambers+Grossman+Flower+Lerner:2007,
  author       = {Benjamin S. Lerner and
                  Matthew Flower and
                  Dan Grossman and
                  Craig Chambers},
  title        = {Searching for Type-Error Messages},
  ee           = {http://doi.acm.org/10.1145/1250734.1250783},
  crossref     = {DBLP:conf/pldi/2007},
  bibsource    = {DBLP, http://dblp.uni-trier.de}
}


@inproceedings{Chitil:2001,
  author       = {Olaf Chitil},
  title        = {Compositional explanation of types and algorithmic debugging of type errors},
  booktitle    = {ICFP '01: Proceedings of the sixth ACM SIGPLAN international conference on Functional programming},
  year         = {2001},
  isbn         = {1-58113-415-0},
  pages        = {193--204},
  location     = {Florence, Italy},
  doi          = {http://doi.acm.org/10.1145/507635.507659},
  publisher    = {ACM},
  address      = {New York, NY, USA},
 }


@article{Clark+Darlington:1980,
  author       = {Keith L. Clark and
                  John Darlington},
  title        = {Algorithm Classification Through Synthesis},
  journal      = {The Computer Journal},
  volume       = {23},
  number       = {1},
  year         = {1980},
  pages        = {61--65},
  bibsource    = {DBLP, http://dblp.uni-trier.de}
}


@inproceedings{Clement+Despeyroux+Kahn+Despeyroux:1986,
  author       = {Dominique Cl\'{e}ment and
                  Thierry Despeyroux and
                  Gilles Kahn and
                  Jo\"{e}lle Despeyroux},
  title        = {A simple applicative language: mini-{ML}},
  booktitle    = {Proceedings of the 1986 ACM conference on LISP and functional programming},
  series       = {LFP '86},
  year         = {1986},
  isbn         = {0-89791-200-4},
  location     = {Cambridge, Massachusetts, United States},
  pages        = {13--27},
  numpages     = {15},
  url          = {http://doi.acm.org/10.1145/319838.319847},
  doi          = {http://doi.acm.org/10.1145/319838.319847},
  acmid        = {319847},
  publisher    = {ACM},
  address      = {New York, NY, USA},
}


@article{Coppo+Dezani:1978,
  author       = {Mario Coppo and
                  Mariangiola Dezani-Ciancaglini},
  title        = {A New Type Assignment for $\lambda$-terms.},
  journal      = {Archive for Mathematical Logic},
  volume       = {19},
  number       = {1},
  pages        = {139--156},
  year         = {1978}
}


@article{Coppo+Dezani:1979,
  author    = {Mario Coppo and
               Mariangiola Dezani-Ciancaglini},
  title     = {An Extension of the Basic Functionality Theory for the $\l$-calculus.},
  journal   = {Notre Dame Journal of Formal Logic},
  volume    = {21},
  number    = {4},
  year      = {1979}
}


@incollection{Coppo+Dezani+Venneri:1980,
  author       = {Mario Coppo and
                  Mariangiola Dezani-Ciancaglini and
                  Betti Venneri},
  booktitle    = Sel+Hin:HBC-1980,
  publisher    = {J.R. Hindley and J.P. Seldin},
  title        = {Principal type schemes and $\lambda$-calculus semantic.},
  pages        = {535--560},
  year         = {1980}
}


@article{Coppo+Dezani+Venneri:1981,
  author    = {Mario Coppo and
               Mariangiola Dezani-Ciancaglini and
               Betti Venneri},
  title     = {Functional Characters of Solvable Terms},
  journal   = {Mathematische Logik Und Grundlagen der Mathematik},
  pages     = {45--58},
  volume    = {27},
  year      = {1981},
}


@incollection{Coquand:1998,
  author       = {Catarina Coquand},
  title        = {A realizability interpretation of Martin-L\"{o}f's type theory},
  booktitle    = {Twenty-Five Years of Constructive Type Theory},
  pages        = {73--82},
  publisher    = {Oxford University Press},
  year         = {1998},
  editor       = {G. Sambin and J. Smith}
}


@inproceedings{Coquand:TLCA-2005,
  author       = {Thierry Coquand},
  title        = {Completeness Theorems and lambda-Calculus},
  booktitle    = {TLCA},
  year         = {2005},
  pages        = {1--9},
  ee           = {http://springerlink.metapress.com/openurl.asp?genre=article{\&}issn=0302-9743{\&}volume=3461{\&}spage=1},
  crossref     = {DBLP:conf/tlca/2005},
  bibsource    = {DBLP, http://dblp.uni-trier.de}
}


@proceedings{DBLP:conf/tlca/2005,
  editor       = {Pawel Urzyczyn},
  title        = {Typed Lambda Calculi and Applications, 7th International
                  Conference, TLCA 2005, Nara, Japan, April 21-23, 2005, Proceedings},
  booktitle    = {TLCA},
  publisher    = {Springer},
  series       = {Lecture Notes in Computer Science},
  volume       = {3461},
  year         = {2005},
  isbn         = {3-540-25593-1},
  bibsource    = {DBLP, http://dblp.uni-trier.de}
}


@article{Curry:1934,
  author       = {Haskell B. Curry},
  title        = {Functionality in Combinatory Logic},
  journal      = {Proc. Nat. Acad, Sci. USA},
  pages        = {584--590},
  volume       = {20},
  year         = {1934},
}


@inproceedings{Damas+Milner:1982,
  author       = {Luis Damas and
                  Robin Milner},
  title        = {Principal type-schemes for functional programs},
  booktitle    = {POPL82},
  year         = {1982},
  isbn         = {0-89791-065-6},
  pages        = {207--212},
  location     = {Albuquerque, Mexico},
  doi          = {http://doi.acm.org/10.1145/582153.582176},
  publisher    = {ACM},
  address      = {New York, NY, USA},
}


@phdthesis{Damas:1984,
  author      = {Luis M. M. Damas},
  title       = {Type Assignment in Programming Languages.},
  year        = {1984},
  school      = {University of Edinburgh}
}


@article{Damiani:2007,
  author       = {Ferruccio Damiani},
  title        = {Rank 2 Intersection for Recursive Definitions},
  number       = {4},
  volume       = {77},
  url          = {http://www.di.unito.it/~damiani/papers/fi1.html},
  tag          = {Fundamenta Informaticae},
  publisher    = {IOS Press},
  journal      = {Fundamenta Informaticae},
  year         = {2007},
  pages        = {451--488},
}


@article{Dezani+Honsell+Alessi:2003,
  author       = {Mariangiola Dezani-Ciancaglini and
                  Furio Honsell and
                  Fabio Alessi},
  title        = {A complete characterization of complete intersection-type
                  preorders},
  journal      = {ACM Trans. Comput. Log.},
  volume       = {4},
  number       = {1},
  year         = {2003},
  pages        = {120--147},
  ee           = {http://doi.acm.org/10.1145/601775.601780},
  bibsource    = {DBLP, http://dblp.uni-trier.de}
}


@inproceedings{Duggan:1998,
  author       = {Dominic Duggan},
  title        = {Correct type explanation},
  booktitle    = {In ACM SIGPLAN Workshop on {ML}},
  pages        = {49--58},
  year         = {1998},
}


@article{Duggan+Bent:1996,
  author       = {Dominic Duggan and
                  Frederick Bent},
  title        = {Explaining Type Inference},
  journal      = {Sci. Comput. Program.},
  volume       = {27},
  number       = {1},
  year         = {1996},
  pages        = {37--83},
  bibsource    = {DBLP, http://dblp.uni-trier.de}
}


@book{Dummett:1977,
  author       = {Michael A. E. Dummett},
  title        = {Elements of Intuitionism},
  year         = {1977},
  publisher    = {Oxford University Press},
}


@inproceedings{Eifrig+Smith+Trifonov:1994,
  author       = {Jonathan Eifrig and
                  Scott Smith and
                  Valery Trifonov},
  title        = {Type Inference for Recursively Constrained Types and
                  its Application to {OOP}},
  booktitle    = {Mathematical Foundations of Programming Semantics},
  series       = {Electronic Notes in Theoretical Computer Science},
  publisher    = {Elsevier Science},
  volume       = {1},
  year         = {1995},
  url          = {http://www.cs.jhu.edu/~scott/ftp/ooinfer.ps.gz}
}


@article{Farkh+Nour:1997,
  author       = {Samir Farkh and
                  Karim Nour},
  title        = {R{\'e}sultats de compl{\'e}tude pour des classes de
                  types du syst{\`e}me {{\it{F}}}2.},
  journal      = {ITA},
  volume       = {31},
  number       = {6},
  year         = {1997},
  pages        = {513--537},
  bibsource    = {DBLP, http://dblp.uni-trier.de}
}


@article{Farkh+Nour:1998,
  Author       = {Samir Farkh and
                  Karim Nour},
  Title        = {R\'esultats de compl\'etude pour des classes de types du syst\`eme {AF2}},
  Journal      = {Theoretical Informatics and Applications},
  volume       = {31},
  number       = {6},
  Pages        = {513--537}, 
  Year         = {1998}
}


@inproceedings{Field+Tip:1994,
  author       = {John Field and
                  Frank Tip},
  title        = {Dynamic Dependence in Term rewriting Systems and its Application to Program Slicing},
  booktitle    = {Proceedings of the 6th International Symposium on Programming Language Implementation and Logic Programming},
  year         = {1994},
  isbn         = {3-540-58402-1},
  pages        = {415--431},
  numpages     = {17},
  url          = {http://portal.acm.org/citation.cfm?id=646450.692784},
  acmid        = {692784},
  publisher    = {Springer-Verlag},
  address      = {London, UK},
}


@article{Field+Tip:1998,
  author       = {John Field and
                  Frank Tip},
  title        = {Dynamic Dependence in Term rewriting Systems and its Application to Program Slicing},
  journal      = {Information and Software Technology},
  volume       = {40},
  number       = {11-12},
  pages        = {609--636},
  year         = {1998},
}


@article{Freund+Flanagan:2007,
  author       = {Cormac Flanagan and
                  Stephen N. Freund},
  title        = {Type inference against races},
  journal      = {Science of Computer Programming},
  volume       = {64},
  number       = {1},
  year         = {2007},
  issn         = {0167-6423},
  pages        = {140--165},
  doi          = {http://dx.doi.org/10.1016/j.scico.2006.03.006},
  publisher    = {Elsevier North-Holland, Inc.},
  address      = {Amsterdam, The Netherlands, The Netherlands},
}


@article{Gallier:1997,
  author       = {Jean H. Gallier},
  title        = {On the correspondence between proofs and $\lambda$-terms.}, 
  journal      = {Cahiers du centre de logique},
  volume       = {8},
  pages        = {55-138},
  year         = {1995}
}


@incollection{Gallier:2002,
  author       = {Jean H. Gallier},
  title        = {On {G}irard's ``Candidats de Reductibilit{\'e}''.}, 
  booktitle    = {Logic and Computer Science},
  editor       = {P. Odifreddi},
  publisher    = {Academic Press},
  pages        = {123--203},
  year         = {1990}
}


@article{Gallier:2003a,
  author       = {Jean H. Gallier},
  title        = {Proving Properties of Typed $\lambda$-Terms Using Realisability, Covers, and Sheaves.},
  journal      = {Theoretical Computer Science}, 
  volume       = {142}, 
  number       = {2},
  pages        = {299--368},
  year         = {1995}
}


@article{Gallier:2003b,
  author       = {Jean H. Gallier},
  title        = {Typing Untyped $\lambda$-Terms, or Realisability strikes again!.},
  journal      = {Annals of Pure and Applied Logic},
  volume       = {91},
  pages        = {231--270},
  year         = {1998}
}


@inproceedings{Gast:2004,
  author       = {Holger Gast},
  title        = {Explaining {ML} Type Errors by Data Flows},
  pages        = {72--89},
  ee           = {http://dx.doi.org/10.1007/11431664_5},
  crossref     = {DBLP:conf/ifl/2004},
  bibsource    = {DBLP, http://dblp.uni-trier.de}
}


@article{Ghilezan+Kuncak:2001,
  author       = {Silvia Ghilezan and 
                  Viktor Kun\v{c}ak},
  title        = {Confluence of Untyped Lambda Calculus via Simple Types},
  journal      = {Lecture Notes in Computer Science},
  volume       = {2202},
  pages        = {38--49},
  year         = {2001},
  url          = {citeseer.ist.psu.edu/463525.html}
}


@book{Girad+Taylor+Lafont:1989,
  author       = {Jean-Yves Girard and
                  Paul Taylor and
                  Yves Lafont},
  title        = {Proofs and Types},
  publisher    = {Cambridge University Press},
  year         = {1989}
}


@unpublished{Godel:1934,
  author       = {Kurt G\"{o}del},
  title        = {On Undecidable Propositions of Formal Mathematical Systems},
  year         = {1934},
  note         = {Lecture notes taken by S. C. Kleene and B. Rosser at the Institute for Advanced Study
                  (reprinted in Davis, 1965, 39--74)}
}


@inproceedings{Gustavsson+Svenningsson:2001,
  author       = {J{\"o}rgen Gustavsson and
                  Josef Svenningsson},
  title        = {Constraint Abstractions},
  booktitle    = {PADO},
  year         = {2001},
  pages        = {63--83},
  ee           = {http://link.springer.de/link/service/series/0558/bibs/2053/20530063.htm},
  crossref     = {DBLP:conf/pado/2001},
  bibsource    = {DBLP, http://dblp.uni-trier.de}
}


@inproceedings{Haack+Wells:2003,
  author       = {Christian Haack and
                  J. B. Wells},
  title        = {Type Error Slicing in Implicitly Typed Higher-Order Languages},
  booktitle    = {ESOP},
  year         = {2003},
  pages        = {284--301},
  ee           = {http://link.springer.de/link/service/series/0558/bibs/2618/26180284.htm},
  crossref     = {DBLP:conf/esop/2003},
  bibsource    = {DBLP, http://dblp.uni-trier.de}
}


@article{Haack+Wells:2004,
  author       = {Christian Haack and
                  J. B. Wells},
  title        = {Type error slicing in implicitly typed higher-order languages},
  journal      = {Science of Computer Programming},
  volume       = {50},
  number       = {1-3},
  year         = {2004},
  issn         = {0167-6423},
  pages        = {189--224},
  doi          = {http://dx.doi.org/10.1016/j.scico.2004.01.004},
  publisher    = {Elsevier North-Holland, Inc.},
  address      = {Amsterdam, The Netherlands, The Netherlands}
}


@techreport{Hage+Heeren:2005a,
  author       = {Jurriaan Hage and
                  Bastiaan Heeren},
  title        = {Ordering type constraints: A structured approach},
  institution  = {Institute of information and computing sciences, utrecht university},
  year         = {2005}
}


@inproceedings{Hage+Heeren:2005,
  author       = {Bastiaan Heeren and
                  Jurriaan Hage},
  title        = {Type Class Directives},
  pages        = {253--267},
  ee           = {http://springerlink.metapress.com/openurl.asp?genre=article{\&}issn=0302-9743{\&}volume=3350{\&}spage=253},
  crossref     = {DBLP:conf/padl/2005},
  bibsource    = {DBLP, http://dblp.uni-trier.de}
}


@inproceedings{Hage+Heeren:2006,
  author    = {Jurriaan Hage and
               Bastiaan Heeren},
  title     = {Heuristics for Type Error Discovery and Recovery},
  pages     = {199--216},
  ee        = {http://dx.doi.org/10.1007/978-3-540-74130-5_12},
  crossref  = {DBLP:conf/ifl/2006},
  bibsource = {DBLP, http://dblp.uni-trier.de}
}


@article{Hage+Heeren:2009,
  author    = {Jurriaan Hage and
               Bastiaan Heeren},
  title     = {Strategies for Solving Constraints in Type and Effect Systems},
  journal   = {Electron. Notes Theor. Comput. Sci.},
  volume    = {236},
  year      = {2009},
  issn      = {1571-0661},
  pages     = {163--183},
  doi       = {http://dx.doi.org/10.1016/j.entcs.2009.03.021},
  publisher = {Elsevier Science Publishers B. V.},
  address   = {Amsterdam, The Netherlands, The Netherlands},
}


@techreport{Hallett+Kfoury:2004,
  author       = {J. J. Hallett and
                  Assaf J. Kfoury},
  title        = {Programming examples needing polymorphic recursion},
  institution  = {In ITRS'04 (workshop},
  year         = {2004}
}


@misc{Harper:2009,
  author       = {Robert Harper},
  title        = {Programming in {S}tandard {ML}},
  year         = {2009},
  note         = {Working draft of August 20, 2009}
}


@phdthesis{Heeren:2005,
  author       = {Bastiaan J. Heeren},
  school       = {Universiteit Utrecht, The Netherlands},
  title        = {Top Quality Type Error Messages},
  year         = {2005},
  month        = {September},
  url          = {\url{http://www.cs.uu.nl/people/bastiaan/phdthesis}},
}


@inproceedings{Heeren+Hage+Swierstra:2003a,
  author       = {Bastiaan Heeren and
                  Jurriaan Hage and
                  S. Doaitse Swierstra},
  title        = {Constraint based type inferencing in {H}elium},
  month        = {September},
  year         = {2003},
  editor       = {M.-C.~Silaghi and M.~Zanker},
  pages        = {59--80},
  booktitle    = {Workshop Proceedings of Immediate Applications of Constraint Programming},
  address      = {Cork},
  pubcat       = {workshop},
  notes        = {Based on \cite{heeren2002parametric} and \cite{heeren2002generalizing}},
}


@inproceedings{Heeren+Hage+Swierstra:2003b,
  author       = {Bastiaan Heeren and
                  Jurriaan Hage and
                  S. Doaitse Swierstra},
  title        = {Scripting the type inference process},
  booktitle    = {Eighth ACM Sigplan International Conference on Functional Programming},
  year         = {2003},
  publisher    = {ACM Press},
  address      = {New York},
  pages        = {3--13},
  pubcat       = {conference},
}


@techreport{Heeren+Jeuring+Swierstra+Alcocer:2002,
  author       = {Bastiaan Heeren and
                  Johan Jeuring and
                  S. Doaitse Swierstra and
                  Pablo Azero Alcocer},
  title        = {Improving type-error messages in functional languages},
  institution  = {Utrecht University},
  year         = {2002}
}


@inproceedings{Henglein:1988,
  author       = {Fritz Henglein},
  title        = {Type inference and semi-unification},
  booktitle    = {LISP and functional programming},
  year         = {1988},
  isbn         = {0-89791-273-X},
  pages        = {184--197},
  location     = {Snowbird, Utah, United States},
  doi          = {http://doi.acm.org/10.1145/62678.62701},
  publisher    = {ACM},
  address      = {New York, NY, USA},
}


@article{Henglein:1993,
  author       = {Fritz Henglein},
  title        = {Type inference with polymorphic recursion},
  journal      = {ACM Trans. Program. Lang. Syst.},
  volume       = {15},
  number       = {2},
  year         = {1993},
  issn         = {0164-0925},
  pages        = {253--289},
  doi          = {http://doi.acm.org/10.1145/169701.169692},
  publisher    = {ACM},
  address      = {New York, NY, USA},
}


@article{Hindley:1969,
  author       = {J. Roger Hindley},
  title        = {The Principal Type Schemes of an Object in Combinatory Logic.},
  journal      = {Transaction of the American Mathematical Society.},
  volume       = {146},
  pages        = {26--60},
  year         = {1969}
}


@article{Hindley:1977,
  author       = {J. Roger Hindley},
  title        = {The Equivalence of Complete Reductions.},
  journal      = {Transaction of the American Mathematical Society.},
  volume       = {229},
  pages        = {227--248},
  year         = {1977}
}


@article{Hindley:1978a,
  author       = {J. Roger Hindley},
  title        = {Reductions of Residuals are Finite.},
  journal      = {Transaction of the American Mathematical Society.},
  volume       = {240},
  pages        = {345--361},
  year         = {1978}
}


@article{Hindley:1978b,
  author       = {J. Roger Hindley},
  title        = {Standard and Normal Reductions.},
  journal      = {Transaction of the American Mathematical Society.},
  volume       = {241},
  pages        = {253--271},
  year         = {1978}
}


@inproceedings{Hindley-I:1982,
  author       = {J. Roger Hindley},
  title        = {The simple semantics for {C}oppo-{D}ezani-{S}all{\'e} types.},
  booktitle    = {Symposium on Programming},
  year         = {1982},
  pages        = {212--226},
  crossref     = {Hindley:1982},
  bibsource    = {DBLP, http://dblp.uni-trier.de}
}


@proceedings{Hindley:1982,
  editor       = {Mariangiola Dezani-Ciancaglini and
                  Ugo Montanari},
  title        = {International Symposium on Programming, 5th Colloquium,
                  Torino, Italy, April 6-8, 1982, Proceedings},
  booktitle    = {Symposium on Programming},
  publisher    = {Springer},
  series       = {Lecture Notes in Computer Science},
  volume       = {137},
  year         = {1982},
  isbn         = {3-540-11494-7},
  bibsource    = {DBLP, http://dblp.uni-trier.de}
}


@article{Hindley:1983a,
  author       = {J. Roger Hindley},
  title        = {The Completeness Theorem for Typing lambda-Terms.},
  journal      = {Theor. Comput. Sci.},
  volume       = {22},
  year         = {1983},
  pages        = {1--17},
  bibsource    = {DBLP, http://dblp.uni-trier.de}
}


@article{Hindley:1983b,
  Author       = {J. Roger Hindley},
  Title        = {Curry's Types Are Complete with Respect to {F}-semantics Too},
  Journal      = {Theoretical Computer Science},
  volume       = {22},
  Pages        = {127--133},
  Year         = {1983},
}


@Book{Hindley:BSTT-1997,
  author       = {J. Roger Hindley},
  title        = {Basic Simple Type Theory},
  publisher    = {Cambridge University Press},
  year         = {1997},
  volume       = {42},
  series       = {Cambridge Tracts in Theoretical Computer Science},
}


@techreport{Hindley+Cardone:2006,
  author       = {Felice Cardone and
                  J. Roger Hindley},
  title        = {History of Lambda-calculus and Combinatory Logic},
  institution  = {Swansea University Mathematics Department},
  year         = {2006},
}


@article{Hindley+Longo:1980,
  author       = {J. Roger Hindley and
                  Giuseppe Longo},
  title        = {Lambda-Calculus Models and Extensionality.},
  journal      = {Zeit. Math. Logik},
  volume       = {26},
  pages        = {289--310},
  year         = {1980}
}


@phdthesis{Hofstra:2003,
  author       = {Pieter J. W. Hofstra},
  school       = {University of Utrecht},
  title        = {Completions in realizability},
  year         = {2003},
  url          = {\url{http://www.staff.science.uu.nl/~ooste110/realizability.html}},
}


@article{Hofstra:2006,
  Author       = {Pieter J. W. Hofstra},
  Title        = {All realizability is relative},
  Journal      = {Mathematical Proceedings of the Cambridge Philosophical Society},
  volume       = {141},
  number       = {2},
  Pages        = {239--264},
  Year         = {2006},
}


@incollection{Howard:1969,
  author       = {W. A. Howard},
  booktitle    = Sel+Hin:HBC-1980,
  publisher    = {J.R. Hindley and J.P. Seldin},
  title        = {The formulae-as-types notion of construction},
  pages        = {479--490},
  year         = {1969}
}


@article{Hudak:1992,
  author       = {Paul Hudak and
                  Simon Peyton Jones and
                  Philip Wadler and
                  Brian Boutel and
                  Jon Fairbairn and
                  Joseph Fasel and
                  Mar\'{\i}a M. Guzm\'{a}n and
                  Kevin Hammond and
                  John Hughes and
                  Thomas Johnsson and
                  Dick Kieburtz and
                  Rishiyur Nikhil and
                  Will Partain and
                  John Peterson},
  title        = {Report on the programming language Haskell: a non-strict, purely functional language version 1.2},
  journal      = {SIGPLAN Not.},
  volume       = {27},
  issue        = {5},
  month        = {May},
  year         = {1992},
  issn         = {0362-1340},
  pages        = {1--164},
  numpages     = {164},
  url          = {http://doi.acm.org/10.1145/130697.130699},
  doi          = {http://doi.acm.org/10.1145/130697.130699},
  acmid        = {130699},
  publisher    = {ACM},
  address      = {New York, NY, USA},
}


@article{Kaes:1992,
  author       = {Stefan Kaes},
  title        = {Type inference in the presence of overloading, subtyping and recursive types},
  journal      = {SIGPLAN Lisp Pointers},
  volume       = {V},
  number       = {1},
  year         = {1992},
  issn         = {1045-3563},
  pages        = {193--204},
  doi          = {http://doi.acm.org/10.1145/141478.141540},
  publisher    = {ACM},
  address      = {New York, NY, USA},
}


@article{Kamareddine:2005,
  author       = {Fairouz Kamareddine},
  title        = {Typed lambda-calculi with one binder.},
  journal      = {J. Funct. Program.},
  volume       = {15},
  number       = {5},
  year         = {2005},
  pages        = {771--796},
  ee           = {http://dx.doi.org/10.1017/S095679680500554X},
  bibsource    = {DBLP, http://dblp.uni-trier.de}
}


@article{Kamareddine+Bloo+Nederpelt:1999,
  author       = {Fairouz Kamareddine and
                  Roel Bloo and
                  Rob Nederpelt},
  title        = {On Pi-Conversion in the lambda-Cube and the Combination
                  with Abbreviations.},
  journal      = {Ann. Pure Appl. Logic},
  volume       = {97},
  number       = {1--3},
  year         = {1999},
  pages        = {27--45},
  bibsource    = {DBLP, http://dblp.uni-trier.de}
}


@book{Kamareddine+Laan+Nederpelt:2004,
  author       = {Fairouz Kamareddine and
                  Twan Laan and
                  Rob Nederpelt},
  title        = {A modern Perspective on Type Theory. From its Origins until Today.},
  publisher    = {Applied Logic Series},
  volume       = {29},
  year         = {2004}
}


@article{Kamareddine+Nederpelt:1996,
  author       = {Fairouz Kamareddine and
                  Rob Nederpelt},
  title        = {Canonical Typing and Pi-Conversion in the Barendregt Cube.},
  journal      = {J. Funct. Program.},
  volume       = {6},
  number       = {2},
  year         = {1996},
  pages        = {245--267},
  bibsource    = {DBLP, http://dblp.uni-trier.de}
}


@article{Kamareddine+Nour:2007,
  author       = {Fairouz Kamareddine and
                  Karim Nour},
  title        = {A completeness result for a realisability semantics 
                  for an intersection type system.},
  journal      = {Annals of Pure and Applied Logic},
  volume       = {146},
  year         = {2007},
  pages        = {180--198}
}


@inproceedings{Kamareddine+Nour+Rahli:2008,
  author       = {Fairouz Kamareddine and
                  Karim Nour and
                  Vincent Rahli and
                  J. B. Wells},
  title        = {A Complete Realisability Semantics for Intersection Types
                  and Arbitrary Expansion Variables},
  year         = {2008},
  pages        = {171--185},
  ee           = {http://dx.doi.org/10.1007/978-3-540-85762-4_12},
  crossref     = {DBLP:conf/ictac/2008},
  bibsource    = {DBLP, http://dblp.uni-trier.de}
}


@unpublished{Kamareddine+Nour+Rahli+Wells:2006,
  author       = {Fairouz Kamareddine and
                  Karim Nour and
                  Vincent Rahli and 
                  J. B. Wells},
  title        = {Developing Realisability Semantics for Intersection 
                  Types and Expansion Variables.},
  note         = {Presented to ITRS'08, 4th Workshop on Intersection Types and
                  Related Systems, Turin, Italy, 25 March 2008},
  year         = {2008}
}


@unpublished{Kamareddine+Nour+Rahli+Wells:2008b,
  author    = {Fairouz Kamareddine and
               Karim Nour and
               Vincent Rahli and
               J. B. Wells},
  title     = {On Realisability Semantics for Intersection Types
               and Infinite Expansion Variables},
  note      = {Located at \url{http://www.macs.hw.ac.uk/~fairouz/papers/drafts/long-fund-inf-sem.pdf}},
  year      = {2008},
}


@unpublished{Kamareddine+Nour+Rahli+Wells:2008,
  author    = {Fairouz Kamareddine and
               Karim Nour and
               Vincent Rahli and 
               J. B. Wells},
  title     = {Challenges and Solutions to Realisability Semantics for
               Intersection Types with Expansion Variables.},
  note      = {Submitted to Fundamenta Informaticae},
  year      = {2008}
}


@article{Kamareddine+Rahli:2009,
  author       = {Fairouz Kamareddine and
                  Vincent Rahli},
  title        = {Simplified Reducibility Proofs of {C}hurch-{R}osser for $\beta$-
                  and $\beta\eta$-reduction},
  journal      = {Electr. Notes Theor. Comput. Sci.},
  volume       = {247},
  year         = {2009},
  pages        = {85--101},
  ee           = {http://dx.doi.org/10.1016/j.entcs.2009.07.050},
  bibsource    = {DBLP, http://dblp.uni-trier.de}
}


@unpublished{Kamareddine+Rahli+Wells:2008,
  author       = {Fairouz Kamareddine and
                  Vincent Rahli and
                  J. B. Wells},
  title        = {Reducibility Proofs in the $\lambda$-Calculus.},
  note         = {Presented to ITRS'08, 4th Workshop on Intersection Types and
                  Related Systems, Turin, Italy, 25 March 2008},
  year         = {2008}
}


@techreport{Kamareddine+Rahli+Wells:2009,
  author       = {Vincent Rahli and
                  J. B. Wells and
                  Fairouz Kamareddine},
  title        = {Challenges of a type error slicer for the {SML} language},
  institution  = {Heriot-Watt University, MACS, ULTRA group},
  number       = {HW-MACS-TR-0071},
  year         = {2009}
}


@techreport{Kamareddine+Rahli+Wells:2010,
  author       = {Vincent Rahli and
                  J. B. Wells and
                  Fairouz Kamareddine},
  title        = {A constraint system for a {SML} type error slicer},
  institution  = {Heriot-Watt University, MACS, ULTRA group},
  number       = {HW-MACS-TR-0079},
  year         = {2010}
}


@techreport{Kanellakis+Mairson+Mitchell:1990,
  author       = {Paris C. Kanellakis and
                  Harry G. Mairson and
                  John C. Mitchell},
  title        = {Unification and {ML} Type Reconstruction},
  year         = {1990},
  source       = {http://www.ncstrl.org:8900/ncstrl/servlet/search?formname=detail\&id=oai%3Ancstrlh%3Abrowncs%3ABrownCS%2F%2FCS-90-26},
  publisher    = {Brown University},
  address      = {Providence, RI, USA},
}


@inproceedings{Kfoury+Tiuryn+Urzyczyn:1990,
  author       = {Assaf J. Kfoury and
                  Jerzy Tiuryn and
                  Pawel Urzyczyn},
  title        = {The Undecidability of the Semi-Unification Problem (Preliminary Report)},
  pages        = {468--476},
  crossref     = {DBLP:conf/stoc/STOC22},
  bibsource    = {DBLP, http://dblp.uni-trier.de}
}


@article{Kfoury+Tiuryn+Urzyczyn:1993,
  author       = {Assaf J. Kfoury and
                  Jerzy Tiuryn and
                  Pawel Urzyczyn},
  title        = {Type reconstruction in the presence of polymorphic recursion},
  journal      = {ACM Trans. Program. Lang. Syst.},
  volume       = {15},
  number       = {2},
  year         = {1993},
  issn         = {0164-0925},
  pages        = {290--311},
  doi          = {http://doi.acm.org/10.1145/169701.169687},
  publisher    = {ACM},
  address      = {New York, NY, USA},
}


@inproceedings{Kfoury+Wells:1999,
  author       = {Assaf J. Kfoury and
                  J. B. Wells},
  title        = {Principality and Decidable Type Inference for Finite-Rank
                  Intersection Types},
  booktitle    = {POPL},
  year         = {1999},
  pages        = {161--174},
  ee           = {http://doi.acm.org/10.1145/292540.292556},
  bibsource    = {DBLP, http://dblp.uni-trier.de}
}


@article{Kfoury+Wells:2004,
  author       = {Assaf J. Kfoury and
                  J. B. Wells},
  title        = {Principality and type inference for intersection types using expansion variables},
  journal      = {Theor. Comput. Sci.},
  volume       = {311},
  number       = {1-3},
  year         = {2004},
  issn         = {0304-3975},
  pages        = {1--70},
  doi          = {http://dx.doi.org/10.1016/j.tcs.2003.10.032},
  publisher    = {Elsevier Science Publishers Ltd.},
  address      = {Essex, UK},
}


@book{Kleene:1967,
  author       = {Stephen C. Kleene},
  title        = {Mathematical Logic},
  publisher    = {John Wiley \& Sons},
  year         = {1967}
}


@article{Koletsos:1985,
  author       = {George Koletsos},
  title        = {{C}hurch-{R}osser Theorem for Typed Functional Systems.},
  journal      = {Journal of Symbolic Logic},
  volume       = {50},
  number       = {3},
  pages        = {782--790},
  year         = {1985}
}


@article{Koletsos+Stavrinos:2007,
  author       = {George Koletsos and 
                  Yiorgos Stavrinos},
  title        = {{C}hurch-{R}osser Property and Intersection Types.},
  journal      = {Australasian Journal of Logic},
  year         = {2007}
}


@incollection{Kreisel:1959,
  author       = {Georg Kreisel},
  title        = {Interpretation of analysis by means of constructive functionals of finite types},
  booktitle    = {Constructivity in Mathematics},
  publisher    = {North-Holland Publishing},
  editor       = {A. Heyting},
  year         = {1959},
  pages        = {101--128}
}

	  
@proceedings{HeytingA:conm,
  title        = {Constructivity in Mathematics},
  editor       = {A. Heyting},
  year         = {1959},
  publisher    = {North-Holland Publishing Company}
}


@book{Krivine:1990,
  author       = {Jean-Louis Krivine},
  title        = {Lambda-calcul, types et mod\`{e}les.},
  publisher    = {Masson},
  year         = {1990}
}


@article{Krivine:2001,
  author       = {Jean-Louis Krivine},
  title        = {Typed Lambda-calculus in classical Zermelo-Fraenkel Set Theory.},
  journal      = {Archive of Mathematical Logic},
  volume       = {40},
  number       = {3},
  pages        = {189--205},
  year         = {2001}
}


@unpublished{Lab1,
  Author       = {R. Labib-Sami},
  Title        = {Typer avec (ou sans) types auxili\`eres}},
  note         = {Manuscript},
  Year         = {1986}
}


@article{Lau:1989,
  author       = {Kung-Kiu Lau},
  title        = {A Note on Synthesis and Classification of Sorting Algorithms},
  journal      = {Acta informatica},
  volume       = {27},
  number       = {1},
  year         = {1989},
  pages        = {73--80},
  bibsource    = {DBLP, http://dblp.uni-trier.de}
}


@article{Lee+Yi:1998,
  author       = {Oukseh Lee and
                  Kwangkeun Yi},
  title        = {Proofs about a Folklore Let-Polymorphic Type Inference Algorithm},
  journal      = {ACM Transanctions on Programming Languages and Systems},
  pages        = {707--723},
  year         = {1998},
  volume       = {20},
  number       = {4},
  month        = {jul},
  url          = {citeseer.ist.psu.edu/151436.html}
}


@inproceedings{Leroy:1998,
  author       = {Xavier Leroy},
  title        = {An overview of Types in Compilation},
  booktitle    = {In Lecture Notes in Computer Science},
  year         = {1998},
  pages        = {1--8},
  publisher    = {Springer-Verlag}
}


@inproceedings{Leroy+Weis:1991,
  author       = {Xavier Leroy and
                  Pierre Weis},
  title        = {Polymorphic type inference and assignment},
  booktitle    = {POPL '91: Proceedings of the 18th ACM SIGPLAN-SIGACT symposium on Principles of programming languages},
  year         = {1991},
  isbn         = {0-89791-419-8},
  pages        = {291--302},
  location     = {Orlando, Florida, United States},
  doi          = {http://doi.acm.org/10.1145/99583.99622},
  publisher    = {ACM},
  address      = {New York, NY, USA},
}


@article{Levy:1976,
  author       = {Jean-Jacques L{\'e}vy},
  title        = {An Algebraic Interpretation of the {\it lambda beta}
                  {K}-Calculus; and an Application of a Labelled {\it lambda}-Calculus.},
  journal      = {Theoretical Compututer Science},
  volume       = {2},
  number       = {1},
  year         = {1976},
  pages        = {97--114},
  bibsource    = {DBLP, http://dblp.uni-trier.de}
}


@article{Martelli+Montanari:1982,
  author       = {Alberto Martelli and
                  Ugo Montanari},
  title        = {An Efficient Unification Algorithm},
  journal      = {ACM Trans. Program. Lang. Syst.},
  volume       = {4},
  number       = {2},
  year         = {1982},
  issn         = {0164-0925},
  pages        = {258--282},
  doi          = {http://doi.acm.org/10.1145/357162.357169},
  publisher    = {ACM},
  address      = {New York, NY, USA},
}


@inproceedings{McAdam:1999,
  author       = {Bruce J. McAdam},
  title        = {On the Unification of Substitutions in Type Inference},
  pages        = {137--152},
  ee           = {http://link.springer.de/link/service/series/0558/bibs/1595/15950137.htm},
  crossref     = {DBLP:conf/ifl/1998},
  bibsource    = {DBLP, http://dblp.uni-trier.de}
}


@article{McAllester:2002,
  author       = {David McAllester},
  title        = {On the complexity analysis of static analyses},
  journal      = {J. ACM},
  volume       = {49},
  number       = {4},
  year         = {2002},
  issn         = {0004-5411},
  pages        = {512--537},
  doi          = {http://doi.acm.org/10.1145/581771.581774},
  publisher    = {ACM},
  address      = {New York, NY, USA},
}


@article{Milner:1978,
  author       = {Robin Milner},
  title        = {A theory of type polymorphism in programming},
  journal      = {Journal of Computer and System Sciences},
  month        = {December},
  number       = {3},
  pages        = {348--375},
  volume       = {17},
  year         = {1978}
}


@Book{Milner+Tofte+Harper:1990,
  author       = {Robin Milner and
                  Mads Tofte and
                  Robert Harper},
  title        = {The Definition of {S}tandard {ML}},
  year         = {1990},
  isbn         = {0262631326},
  publisher    = {MIT Press},
  address      = {Cambridge, MA, USA}
}


@book{Milner+Tofte+Harper+Macqueen:1997,
  author       = {Robin Milner and
                  Mads Tofte and
                  Robert Harper and
                  David Macqueen},
  title        = {The Definition of {S}tandard {ML} (Revised)},
  year         = {1997},
  isbn         = {0262631814},
  publisher    = {MIT Press},
  address      = {Cambridge, MA, USA},
}


@inproceedings{Mogbil+Rahli:2007,
  author       = {Virgile Mogbil and
                  Vincent Rahli},
  title        = {Uniform Circuits, {\&} Boolean Proof Nets},
  year         = {2007},
  pages        = {401--421},
  ee           = {http://dx.doi.org/10.1007/978-3-540-72734-7_28},
  crossref     = {DBLP:conf/lfcs/2007},
  bibsource    = {DBLP, http://dblp.uni-trier.de}
}


@techreport{Muller:1994,
  author       = {Martin M\"{u}ller},
  title        = {A constraint-based recast of {ML}-polymorphism (Extended Abstract)},
  institution  = {8th International Workshop on unification},
  year         = {1994}
}


@misc{Muller:1998,
  author       = {Martin M\"{u}ller},
  title        = {Notes on {HM(X)}},
  institution  = {Programming Systems Lab, Universit\"{a}t des Saarlandes},
  year         = {1998}
}


@inproceedings{Mycroft:1984,
  author       = {Alan Mycroft},
  title        = {Polymorphic Type Schemes and Recursive Definitions},
  pages        = {217--228},
  crossref     = {DBLP:conf/programm/1984},
  bibsource    = {DBLP, http://dblp.uni-trier.de}
}


@article{Naik+Palsberg:2008,
  author       = {Mayur Naik and
                  Jens Palsberg},
  title        = {A type system equivalent to a model checker},
  journal      = {ACM Transactions on Programming Languages and Systems},
  volume       = {30},
  number       = {5},
  year         = {2008},
  issn         = {0164-0925},
  pages        = {1--24},
  doi          = {http://doi.acm.org/10.1145/1387673.1387678},
  publisher    = {ACM},
  address      = {New York, NY, USA},
}


@inproceedings{Neubauer+Thiermann:2003,
  author       = {Matthias Neubauer and
                  Peter Thiemann},
  title        = {Discriminative sum types locate the source of type errors},
  pages        = {15--26},
  ee           = {http://doi.acm.org/10.1145/944705.944708},
  crossref     = {DBLP:conf/icfp/2003},
  bibsource    = {DBLP, http://dblp.uni-trier.de}
}


@article{Odersky+Sulzmann+Wehr:1999,
  author       = {Martin Odersky and
                  Martin Sulzmann and
                  Martin Wehr},
  title        = {Type inference with constrained types},
  journal      = {Theor. Pract. Object Syst.},
  volume       = {5},
  number       = {1},
  year         = {1999},
  issn         = {1074-3227},
  pages        = {35--55},
  doi          = {http://dx.doi.org/10.1002/(SICI)1096-9942(199901/03)5:1<35::AID-TAPO4>3.0.CO;2-4},
  publisher    = {John Wiley \& Sons, Inc.},
  address      = {New York, NY, USA},
}


@article{Palsberg:1995,
  author       = {Jens Palsberg},
  title        = {Efficient inference of object types},
  journal      = {Inf. Comput.},
  volume       = {123},
  number       = {2},
  year         = {1995},
  issn         = {0890-5401},
  pages        = {198--209},
  doi          = {http://dx.doi.org/10.1006/inco.1995.1168},
  publisher    = {Academic Press, Inc.},
  address      = {Duluth, MN, USA},
}


@inproceedings{Pottier:1996,
  author       = {Fran\c{c}ois Pottier},
  title        = {Simplifying subtyping constraints},
  booktitle    = {ICFP '96: Proceedings of the first ACM SIGPLAN international conference on Functional programming},
  year         = {1996},
  isbn         = {0-89791-770-7},
  pages        = {122--133},
  location     = {Philadelphia, Pennsylvania, United States},
  doi          = {http://doi.acm.org/10.1145/232627.232642},
  publisher    = {ACM},
  address      = {New York, NY, USA},
}


@article{Pottier:1999,
  author       = {Fran\c{c}ois Pottier},
  title        = {A framework for type inference with subtyping},
  journal      = {SIGPLAN Not.},
  volume       = {34},
  number       = {1},
  year         = {1999},
  issn         = {0362-1340},
  pages        = {228--238},
  doi          = {http://doi.acm.org/10.1145/291251.289448},
  publisher    = {ACM},
  address      = {New York, NY, USA},
}


@article{Pottier:2000,
  author       = {Fran\c{c}ois Pottier},
  title        = {A Versatile Constraint-Based Type Inference System},
  journal      = {Nordic Journal of Computing},
  url          = {http://gallium.inria.fr/~fpottier/publis/fpottier-njc-2000.ps.gz},
  month        = {November},
  year         = {2000},
  volume       = {7},
  number       = {4},
  pages        = {312--347}
}


@unpublished{Pottier:2005,
  author       = {Fran\c{c}ois Pottier},
  title        = {A modern eye on {ML} type inference: old techniques and recent developments},
  note         = {Lecture notes for the {APPSEM} Summer School},
  month        = {September},
  year         = {2005},
  url          = {http://cristal.inria.fr/~fpottier/publis/fpottier-appsem-2005.ps.gz},
  pdf          = {http://cristal.inria.fr/~fpottier/publis/fpottier-appsem-2005.pdf}
}


@incollection{Pottier+Remy:2005,
  author       = {Fran\c{c}ois Pottier and
                  Didier R{\'{e}}my},
  title        = {The Essence of {ML} Type Inference},
  booktitle    = {Advanced Topics in Types and Programming Languages},
  pages        = {389--489},
  publisher    = {MIT Press},
  year         = {2005},
  editor       = {Benjamin C. Pierce},
  chapter      = {10},
  url          = {http://cristal.inria.fr/attapl/},
  category     = {A}
}


@incollection{Pottinger:1980,
  author       = {Garrel Pottinger},
  booktitle    = Sel+Hin:HBC-1980,
  publisher    = {J.R. Hindley and J.P. Seldin},
  title        = {A type assignment for the strongly normalizable $\lambda$-terms},
  pages        = {561--577},
  year         = {1980}
}


@phdthesis{Rahli:2011,
   author      = {Vincent Rahli},
   school      = {Heriot-Watt University},
   title       = {Investigations in intersection types:
                  Confluence, and semantics of expansion in the
                  $\lambda$-calculus, and a type error slicing method},
   year        = {2011},
   month       = {January},
}


@inproceedings{Remy:1989,
  author       = {Didier R\'{e}my},
  title        = {Type checking records and variants in a natural extension of {ML}},
  booktitle    = {POPL '89: Proceedings of the 16th ACM SIGPLAN-SIGACT symposium on Principles of programming languages},
  year         = {1989},
  isbn         = {0-89791-294-2},
  pages        = {77--88},
  location     = {Austin, Texas, United States},
  doi          = {http://doi.acm.org/10.1145/75277.75284},
  publisher    = {ACM},
  address      = {New York, NY, USA},
}


@techreport{Remy:1992,
  author       = {Didier R{\'{e}}my},
  title        = {{E}xtension of {ML} type system with a sorted equation theory on types},
  institution  = {INRIA},
  number       = {{RR}-1766},
  note         = {{P}rojet {FORMEL}},
  year         = {1992},
  URL          = {http://hal.inria.fr/inria-00077006/en/},
}


@article{Rose:1953,
  author       = {Gene F. Rose},
  title        = {Propositional Calculus and Realizability},
  year         = {1953},
  journal      = {Transactions of the American Mathematical Society},
  volume       = {75},
  number       = {1},
  pages        = {1--19},
}


@misc{Rossberg:2007a,
  author       = {Andreas Rossberg},
  title        = {Defects in the Revised Definition of {S}tandard {ML}},
  year         = {2007},
  note         = {\url{http://www.ps.uni-sb.de/hamlet/defects.ps}}
}


@misc{Rossberg:2007b,
  author       = {Andreas Rossberg},
  title        = {{H}a{ML}et},
  year         = {2007},
  note         = {\url{http://www.ps.uni-sb.de/hamlet/}}
}


@phdthesis{Sulzmann:2000,
  author       = {Martin Franz Sulzmann},
  note         = {Director - Paul Hudak},
  title        = {A general framework for {H}indley/{M}ilner type systems with constraints},
  year         = {2000},
  isbn         = {0-599-79189-6},
  order_no     = {AAI9973781},
  publisher    = {Yale University},
  address      = {New Haven, CT, USA},
  school       = {Yale University},
}


misc{TypeErrorSlicingProject:2010,
  author       = {David Dunsmore and
                  Fairouz Kamareddine and
                  John Pirie and
                  Vincent Rahli and
                  Steven Shiells and
                  J. B. Wells},
  title        = {Type error slicing, project webpage},
  year         = {2010},
  note         = {\url{http://www.macs.hw.ac.uk/ultra/compositional-analysis/ type-error-slicing/slicing.cgi}}
}
@misc{TypeErrorSlicingProject:2010,
  author       = {\textsf{TES} team},
  title        = {Type error slicing, project webpage},
  year         = {2010},
  note         = {\url{http://www.macs.hw.ac.uk/ultra/compositional-analysis/ type-error-slicing/slicing.cgi}}
}


@inproceedings{Stuckey+Sulzmann+Wazny:2003,
  author       = {Peter J. Stuckey and
                  Martin Sulzmann and
                  Jeremy Wazny},
  title        = {Interactive type debugging in {H}askell},
  booktitle    = {Haskell '03: Proceedings of the 2003 ACM SIGPLAN workshop on Haskell},
  year         = {2003},
  isbn         = {1-58113-758-3},
  pages        = {72--83},
  location     = {Uppsala, Sweden},
  doi          = {http://doi.acm.org/10.1145/871895.871903},
  publisher    = {ACM},
  address      = {New York, NY, USA},
}


@inproceedings{Stuckey+Sulzmann+Wazny:2004,
  author       = {Peter J. Stuckey and
                  Martin Sulzmann and
                  Jeremy Wazny},
  title        = {Improving type error diagnosis},
  booktitle    = {Haskell '04: Proceedings of the 2004 ACM SIGPLAN workshop on Haskell},
  year         = {2004},
  isbn         = {1-58113-850-4},
  pages        = {80--91},
  location     = {Snowbird, Utah, USA},
  doi          = {http://doi.acm.org/10.1145/1017472.1017486},
  publisher    = {ACM},
  address      = {New York, NY, USA},
}


@inproceedings{Stuckey+Sulzmann+Wazny:2006,
  author       = {Peter J. Stuckey and
                  Martin Sulzmann and
                  Jeremy Wazny},
  title        = {Type processing by constraint reasoning},
  pages        = {1--25},
  ee           = {http://dx.doi.org/10.1007/11924661_1},
  crossref     = {DBLP:conf/aplas/2006},
  bibsource    = {DBLP, http://dblp.uni-trier.de}
}


@techreport{Sulzmann+Muller+Zenger:1999,
  author       = {Martin Sulzmann and
                  Martin M\"{u}ller and
                  Christoph Zenger},
  title        = {{H}indley/{M}ilner style type systems in constraint form},
  year         = {1999}
}


@article{Tait:1967,
  author       = {W. W. Tait},
  title        = {Intensional Interpretations of Functionals of Finite Type {I}.},
  journal      = {The Journal of Symbolic Logic},
  volume       = {32},
  number       = {2},
  year         = {1967},
  pages        = {198--212},
  bibsource    = {DBLP, http://dblp.uni-trier.de}
}


@article{Takahashi:1989,
  author       = {Masako Takahashi},
  title        = {Parallel Reductions in lambda-Calculus.},
  journal      = {Journal of Symbolic Computation},
  volume       = {7},
  number       = {2},
  year         = {1989},
  pages        = {113--123},
  bibsource    = {DBLP, http://dblp.uni-trier.de}
}


@book{Terese:2003,
  author       = {Marc Bezem and
                  Jan Willem Klop and
                  Roel de Vrijer and
                  Erik Barendsen and
                  Inge Bethke and
                  Jan Heering and
                  Richard Kennaway and
                  Paul Klint and
                  Vincent van Oostrom and
                  Femke van Raamsdonk and
                  Fer-Jan de Vries and
                  Hans Zantema},
  title        = {Term Rewriting Systems.},
  publisher    = {Cambridge University Press},
  series       = {Cambridge Tracts in Theoretical Computer Science},
  volume       = {55},
  month        = {March},
  year         = {2003}
}


@inproceedings{Terui:2004,
  author       = {Kazushige Terui},
  title        = {Proof Nets and Boolean Circuits},
  booktitle    = {LICS},
  year         = {2004},
  pages        = {182--191},
  ee           = {http://csdl.computer.org/comp/proceedings/lics/2004/2192/00/21920182abs.htm},
  crossref     = {DBLP:conf/lics/2004},
  bibsource    = {DBLP, http://dblp.uni-trier.de}
}


@article{Tip+Dinesh:2001,
  author       = {Frank Tip and
                  T. B. Dinesh},
  title        = {A slicing-based approach for locating type errors},
  journal      = {ACM Trans. Softw. Eng. Methodol.},
  volume       = {10},
  number       = {1},
  year         = {2001},
  pages        = {5-55},
  ee           = {http://doi.acm.org/10.1145/366378.366379},
  bibsource    = {DBLP, http://dblp.uni-trier.de}
}


@article{Tofte:1990,
  author       = {Mads Tofte},
  title        = {Type inference for polymorphic references},
  journal      = {Inf. Comput.},
  volume       = {89},
  number       = {1},
  year         = {1990},
  issn         = {0890-5401},
  pages        = {1--34},
  doi          = {http://dx.doi.org/10.1016/0890-5401(90)90018-D},
  publisher    = {Academic Press, Inc.},
  address      = {Duluth, MN, USA},
}


@inproceedings{Tofte+Taplin:1994,
  author       = {Mads Tofte and
                  Jean-Pierre Talpin},
  title        = {Implementation of the typed call-by-value $\lambda$-calculus using a stack of regions},
  booktitle    = {POPL '94: Proceedings of the 21st ACM SIGPLAN-SIGACT symposium on Principles of programming languages},
  year         = {1994},
  isbn         = {0-89791-636-0},
  pages        = {188--201},
  location     = {Portland, Oregon, United States},
  doi          = {http://doi.acm.org/10.1145/174675.177855},
  publisher    = {ACM},
  address      = {New York, NY, USA},
}


@book{Sorensen+Urzyczyn:2006,
  author       = {Morten Heine S{\o}rensen and
                  Pawel Urzyczyn},
  title        = {Lectures on the {C}urry-{H}oward isomorphism},
  publisher    = {Elsevier Science},
  series       = {Studies in Logic and the Foundations of Mathematics},
  volume       = {149},
  year         = {2006}
}


@unpublished{VanBakel:2009,
  author       = {Steffen Van Bakel},
  title        = {Strict Intersection Types for the Lambda Calculus; a survey},
  year         = {2011},
  note         = {Located at \url{http://www.doc.ic.ac.uk/~svb/Research/}}
}


@article{VanOosten:2002,
  author       = {Jaap Van Oosten},
  title        = {Realizability: a historical essay},
  journal      = {Mathematical. Structures in Comp. Sci.},
  volume       = {12},
  number       = {3},
  year         = {2002},
  issn         = {0960-1295},
  pages        = {239--263},
  doi          = {http://dx.doi.org/10.1017/S0960129502003626},
  publisher    = {Cambridge University Press},
  address      = {New York, NY, USA},
}


inproceedings{Wand:1986,
  author       = {Mitchell Wand},
  title        = {Finding the source of type errors},
  booktitle    = {POPL'86: Proceedings of the 13th ACM SIGACT-SIGPLAN Symposium
                  on Principles of Programming Languages},
  year         = {1986},
  pages        = {38--43},
  location     = {St. Petersburg Beach, Florida},
  doi          = {http://doi.acm.org/10.1145/512644.512648},
  publisher    = {ACM},
  address      = {New York, NY, USA}
}
@inproceedings{Wand:1986,
  author       = {Mitchell Wand},
  title        = {Finding the source of type errors},
  booktitle    = {13th ACM SIGACT-SIGPLAN Symp., POPL'86},
  year         = {1986},
  pages        = {38--43},
  location     = {St. Petersburg Beach, Florida},
  doi          = {http://doi.acm.org/10.1145/512644.512648},
  publisher    = {ACM},
  address      = {New York, NY, USA}
}


@article{Wand:1987,
  author       = {Mitchell Wand},
  title        = {A Simple Algorithm and Proof for Type Inference},
  journal      = {Fundamenta Informaticae},
  volume       = {10},
  year         = {1987},
  pages        = {115--122}
}


@inproceedings{Wells:2002,
  author       = {J. B. Wells},
  title        = {The Essence of Principal Typings},
  crossref     = {DBLP:conf/icalp/2002},
  pages        = {913--925},
}


@inproceedings{Wolfram:1986,
  author       = {David A. Wolfram},
  title        = {Intractable Unifiability Problems and Backtracking},
  year         = {1986},
  pages        = {107-121},
  crossref     = {DBLP:conf/iclp/1986},
  bibsource    = {DBLP, http://dblp.uni-trier.de}
}


@article{Wright:1995,
  author       = {Andrew K. Wright},
  title        = {Simple imperative polymorphism},
  journal      = {Lisp Symb. Comput.},
  volume       = {8},
  number       = {4},
  year         = {1995},
  issn         = {0892-4635},
  pages        = {343--355},
  doi          = {http://dx.doi.org/10.1007/BF01018828},
  publisher    = {Kluwer Academic Publishers},
  address      = {Hingham, MA, USA},
}



@inproceedings{Yang:2000,
  author       = {Jun Yang},
  title        = {Explaining Type Errors by Finding the Source of a Type Conflict},
  booktitle    = {SFP'99: Selected papers from the 1st Scottish Functional Programming Workshop},
  year         = {2000},
  isbn         = {1-84150-024-0},
  pages        = {59--67},
  publisher    = {Intellect Books},
  address      = {Exeter, UK, UK},
}
inproceedings{Yang:2000,
  author       = {Jun Yang},
  title        = {Explaining Type Errors by Finding the Source of a Type Conflict},
  booktitle    = {1st Workshop, SFP'99},
  year         = {2000},
  isbn         = {1-84150-024-0},
  pages        = {59--67},
  publisher    = {Intellect Books},
  address      = {Exeter, UK},
}


@article{Yang+Michaelson+Trinder:2002,
  author       = {Jun Yang and
                  Greg Michaelson and
                  Phil Trinder},
  title        = {Explaining polymorphic types},
  journal      = {The Computer Journal},
  year         = {2002},
  number       = {4},
  volume       = {45},
  pages        = {436--452}

}


@inproceedings{Yang+Wells+Trinder+Michaelson:2000,
  author       = {Jun Yang and
                  Greg Michaelson and
                  Phil Trinder and
                  J. B. Wells},
  title        = {Improved type error reporting},
  crossref     = {DBLP:conf/ifl/2000},
  pages        = {71--86}
}


@phdthesis{Wazny:2006,
  author       = {Jeremy Wazny},
  title        = {Type inference and type error diagnosis for {H}indley/{M}ilner with extensions},
  year         = {2006},
  school       = {University of Melbourne},
  address      = {Australia} 
}


@string{LNCS = {Lecture Notes in Computer Science}}
@string{LNCS = {LNCS}}

@string{IFL98 = {Implementation of Functional Languages, 10th International
                 Workshop, IFL'98, London, UK, September 9-11, Selected Papers}}
@string{IFL98 = {10th Int'l Workshop, IFL'98}}

@string{IFL00 = {Implementation of Functional Languages, 12th International
                 Workshop, IFL 2000, Aachen, Germany, September 4-7, 2000,
                 Selected Papers}}
@string{IFL00 = {12th Int'l Workshop, IFL 2000}}

@string{ICALP02 = {Automata, Languages and Programming, 29th International
                   Colloquium, ICALP 2002, Malaga, Spain, July 8-13, 2002,
                   Proceedings}}
@string{ICALP02 = {Automata, Languages and Programming, 29th Int'l
                   Colloq., ICALP 2002}}

@string{ICFP03 = {Proceedings of the Eighth ACM SIGPLAN International Conference
                  on Functional Programming, ICFP 2003, Uppsala, Sweden, August
                  25-29, 2003}}
@string{ICFP03 = {8th ACM SIGPLAN Int'l Conf., ICFP 2003}}

@string{IFL04 = {Implementation and Application of Functional Languages,
                 16th International Workshop, IFL 2004, L{\"u}beck, Germany,
                 September 8-10, 2004, Revised Selected Papers}}
@string{IFL04 = {16th Int'l Workshop, IFL 2004}}

@string{PADL05 = {Practical Aspects of Declarative Languages, 7th International
                  Symposium, PADL 2005, Long Beach, CA, USA, January 10-11,
                  2005, Proceedings}}
@string{PADL05 = {7th Int'l Symp., PADL 2005}}

@string{PADO01 = {Programs as Data Objects, Second Symposium, PADO 2001, Aarhus,
                  Denmark, May 21-23, 2001, Proceedings}}
@string{PADO01 = {2md Symp., PADO 2001}}

@string{IFL06 = {Implementation and Application of Functional Languages,
                 18th International Symposium, IFL 2006, Budapest, Hungary,
                 September 4-6, 2006, Revised Selected Papers}}
@string{IFL06 = {18th Int'l Symp., IFL 2006}}

@string{ML06 = {Proceedings of the ACM Workshop on ML, 2006, Portland, Oregon,
                USA, September 16, 2006}}
@string{ML06 = {Proceedings of the ACM Workshop on ML, 2006}}

@string{APLAS06 = {Programming Languages and Systems, 4th Asian Symposium,
                   APLAS 2006, Sydney, Australia, November 8-10, 2006, Proceedings}}
@string{APLAS06 = {4th Asian Symp., APLAS 2006}}

@string{FOSSACS07 = {Foundations of Software Science and Computational Structures,
                     10th International Conference, FOSSACS 2007, Held as Part
                     of the Joint European Conferences on Theory and Practice
                     of Software, ETAPS 2007, Braga, Portugal, March 24-April
                     1, 2007, Proceedings}}
@string{FOSSACS07 = {10th Int'l Conf., FOSSACS 2007}}

@string{PLDI07 = {Proceedings of the ACM SIGPLAN 2007 Conference on Programming
                  Language Design and Implementation, San Diego, California,
                  USA, June 10-13, 2007}}
@string{PLDI07 = {ACM SIGPLAN 2007 Conf.\ PLDI}}

@string{ESOP03 = {Programming Languages and Systems, 12th European Symposium
                  on Programming, ESOP 2003, Held as Part of the Joint European
                  Conferences on Theory and Practice of Software, ETAPS 2003,
                  Warsaw, Poland, April 7-11, 2003, Proceedings}}
@string{ESOP03 = {Programming Languages and Systems, 12th European Symp.\
                  on Programming, ESOP 2003}}

@string{POPL82 = {Proceedings of the 9th ACM SIGPLAN-SIGACT
                  Symposium on Principles of Programming Languages}}
@string{POPL82 = {Proceedings of the 9th ACM SIGPLAN-SIGACT
                  Symp.\ on Principles of Programming Languages}}

@string{STOC90 = {Proceedings of the Twenty Second Annual ACM Symposium on
                  Theory of Computing, 14-16 May 1990, Baltimore, Maryland}}
@string{STOC90 = {Proceedings of the Twenty Second Annual ACM Symp.\ on
                  Theory of Computing}}

@string{SP84 = {International Symposium on Programming, 6th Colloquium,
                Toulouse, April 17-19, 1984, Proceedings}}
@string{SP84 = {Int'l Symp.\ on Programming, 6th Colloq.}}

@string{LCCST75 = {Lambda-Calculus and Computer Science Theory, Proceedings
                   of the Symposium Held in Rome, March 25-27, 1975}}
@string{LCCST75 = {Lambda-Calculus and Computer Science Theory, Proceedings
                   of the Symp.\ Held in Rome}}

@string{ESOP04 = {Programming Languages and Systems, 13th European Symposium
                  on Programming, ESOP 2004, Held as Part of the Joint European
                  Conferences on Theory and Practice of Software, ETAPS 2004,
                  Barcelona, Spain, March 29 - April 2, 2004, Proceedings}}
@string{ESOP04 = {Programming Languages and Systems, 13th European Symp.\
                  on Programming}}

@string{ICLP86 = {Third International Conference on Logic Programming, Imperial
                  College of Science and Technology, London, United Kingdom,
                  July 14-18, 1986, Proceedings}}
@string{ICLP86 = {Third Int'l Conf. on Logic Programming}}


@proceedings{DBLP:conf/lambda/1975,
  editor    = {Corrado B{\"o}hm},
  title     = {Lambda-Calculus and Computer Science Theory, Proceedings
               of the Symposium Held in Rome, March 25-27, 1975},
  booktitle = {Lambda-Calculus and Computer Science Theory},
  publisher = {Springer},
  series    = {Lecture Notes in Computer Science},
  volume    = {37},
  year      = {1975},
  isbn      = {3-540-07416-3},
  bibsource = {DBLP, http://dblp.uni-trier.de}
}
proceedings{DBLP:conf/lambda/1975,
  title     = LCCST75,
  booktitle = LCCST75,
  publisher = {Springer},
  series    = LNCS,
  volume    = {37},
  year      = {1975},
  isbn      = {3-540-07416-3},
  bibsource = {DBLP, http://dblp.uni-trier.de}
}


@proceedings{DBLP:conf/programm/1984,
  editor    = {Manfred Paul and
               Bernard Robinet},
  title     = {International Symposium on Programming, 6th Colloquium,
               Toulouse, April 17-19, 1984, Proceedings},
  booktitle = {Symposium on Programming},
  publisher = {Springer},
  series    = {Lecture Notes in Computer Science},
  volume    = {167},
  year      = {1984},
  isbn      = {3-540-12925-1},
  bibsource = {DBLP, http://dblp.uni-trier.de}
}
proceedings{DBLP:conf/programm/1984,
  title     = SP84,
  booktitle = SP84,
  publisher = {Springer},
  series    = LNCS,
  volume    = {167},
  year      = {1984},
  isbn      = {3-540-12925-1},
  bibsource = {DBLP, http://dblp.uni-trier.de}
}


@proceedings{DBLP:conf/iclp/1986,
  editor    = {Ehud Y. Shapiro},
  title     = {Third International Conference on Logic Programming, Imperial
               College of Science and Technology, London, United Kingdom,
               July 14-18, 1986, Proceedings},
  booktitle = {ICLP},
  publisher = {Springer},
  series    = {Lecture Notes in Computer Science},
  volume    = {225},
  year      = {1986},
  isbn      = {3-540-16492-8},
  bibsource = {DBLP, http://dblp.uni-trier.de}
}
proceedings{DBLP:conf/iclp/1986,
  title     = ICLP86,
  booktitle = ICLP86,
  publisher = {Springer},
  series    = LNCS,
  volume    = {225},
  year      = {1986},
  isbn      = {3-540-16492-8},
  bibsource = {DBLP, http://dblp.uni-trier.de}
}


@proceedings{DBLP:conf/stoc/STOC22,
  title     = {Proceedings of the Twenty Second Annual ACM Symposium on
               Theory of Computing, 14-16 May 1990, Baltimore, Maryland,
               USA},
  booktitle = {STOC},
  publisher = {ACM},
  year      = {1990},
  bibsource = {DBLP, http://dblp.uni-trier.de}
}
proceedings{DBLP:conf/stoc/STOC22,
  title     = STOC90,
  booktitle = STOC90,
  publisher = {ACM},
  year      = {1990},
  bibsource = {DBLP, http://dblp.uni-trier.de}
}


@proceedings{DBLP:conf/ifl/1998,
  editor       = {Kevin Hammond and
                  Antony J. T. Davie and
                  Chris Clack},
  title        = IFL98,
  booktitle    = IFL98,
  publisher    = {Springer},
  series       = LNCS,
  volume       = {1595},
  year         = {1999},
  isbn         = {3-540-66229-4},
  bibsource    = {DBLP, http://dblp.uni-trier.de}
}
proceedings{DBLP:conf/ifl/1998,
  title        = IFL98,
  booktitle    = IFL98,
  publisher    = {Springer},
  series       = LNCS,
  volume       = {1595},
  year         = {1999},
  isbn         = {3-540-66229-4},
  bibsource    = {DBLP, http://dblp.uni-trier.de}
}


@proceedings{DBLP:conf/ifl/2000,
  editor       = {Markus Mohnen and
                  Pieter W. M. Koopman},
  title        = IFL00,
  booktitle    = IFL00,
  publisher    = {Springer},
  series       = LNCS,
  volume       = {2011},
  year         = {2001},
  isbn         = {3-540-41919-5},
  bibsource    = {DBLP, http://dblp.uni-trier.de}
}
proceedings{DBLP:conf/ifl/2000,
  title        = IFL00,
  booktitle    = IFL00,
  publisher    = {Springer},
  series       = LNCS,
  volume       = {2011},
  year         = {2001},
  isbn         = {3-540-41919-5},
  bibsource    = {DBLP, http://dblp.uni-trier.de}
}


@proceedings{DBLP:conf/pado/2001,
  editor       = {Olivier Danvy and
                  Andrzej Filinski},
  title        = PADO01,
  booktitle    = PADO01,
  publisher    = {Springer},
  series       = LNCS,
  volume       = {2053},
  year         = {2001},
  isbn         = {3-540-42068-1},
  bibsource    = {DBLP, http://dblp.uni-trier.de}
}
proceedings{DBLP:conf/pado/2001,
  title        = PADO01,
  booktitle    = PADO01,
  publisher    = {Springer},
  series       = LNCS,
  volume       = {2053},
  year         = {2001},
  isbn         = {3-540-42068-1},
  bibsource    = {DBLP, http://dblp.uni-trier.de}
}


@proceedings{DBLP:conf/icalp/2002,
  editor       = {Peter Widmayer and
                  Francisco Triguero Ruiz and
                  Rafael Morales Bueno and
                  Matthew Hennessy and
                  Stephan Eidenbenz and
                  Ricardo Conejo},
  title        = ICALP02,
  booktitle    = ICALP02,
  publisher    = {Springer},
  series       = LNCS,
  volume       = {2380},
  year         = {2002},
  isbn         = {3-540-43864-5},
  bibsource    = {DBLP, http://dblp.uni-trier.de}
}
proceedings{DBLP:conf/icalp/2002,
  title        = ICALP02,
  booktitle    = ICALP02,
  publisher    = {Springer},
  series       = LNCS,
  volume       = {2380},
  year         = {2002},
  isbn         = {3-540-43864-5},
  bibsource    = {DBLP, http://dblp.uni-trier.de}
}


@proceedings{DBLP:conf/esop/2003,
  editor       = {Pierpaolo Degano},
  title        = ESOP03,
  booktitle    = ESOP03,
  publisher    = {Springer},
  series       = LNCS,
  volume       = {2618},
  year         = {2003},
  isbn         = {3-540-00886-1},
  bibsource    = {DBLP, http://dblp.uni-trier.de}
}
proceedings{DBLP:conf/esop/2003,
  title        = ESOP03,
  booktitle    = ESOP03,
  publisher    = {Springer},
  series       = LNCS,
  volume       = {2618},
  year         = {2003},
  isbn         = {3-540-00886-1},
  bibsource    = {DBLP, http://dblp.uni-trier.de}
}


@proceedings{DBLP:conf/icfp/2003,
  editor       = {Colin Runciman and
                  Olin Shivers},
  title        = ICFP03,
  booktitle    = ICFP03,
  publisher    = {ACM},
  year         = {2003},
  isbn         = {1-58113-756-7},
  bibsource    = {DBLP, http://dblp.uni-trier.de}
}
proceedings{DBLP:conf/icfp/2003,
  title        = ICFP03,
  booktitle    = ICFP03,
  publisher    = {ACM},
  year         = {2003},
  isbn         = {1-58113-756-7},
  bibsource    = {DBLP, http://dblp.uni-trier.de}
}


@proceedings{DBLP:conf/ifl/2004,
  editor    = {Clemens Grelck and
               Frank Huch and
               Greg Michaelson and
               Philip W. Trinder},
  title     = IFL04,
  booktitle = IFL04,
  publisher = {Springer},
  series    = LNCS,
  volume    = {3474},
  year      = {2005},
  isbn      = {3-540-26094-3},
  bibsource = {DBLP, http://dblp.uni-trier.de}
}
proceedings{DBLP:conf/ifl/2004,
  key       = {IFL04},
  title     = IFL04,
  booktitle = IFL04,
  publisher = {Springer},
  series    = LNCS,
  volume    = {3474},
  year      = {2005},
  isbn      = {3-540-26094-3},
  bibsource = {DBLP, http://dblp.uni-trier.de}
}


@proceedings{DBLP:conf/lics/2004,
  title        = {19th IEEE Symposium on Logic in Computer Science (LICS 2004),
                  14-17 July 2004, Turku, Finland, Proceedings},
  booktitle    = {LICS},
  publisher    = {IEEE Computer Society},
  year         = {2004},
  isbn         = {0-7695-2192-4},
  bibsource    = {DBLP, http://dblp.uni-trier.de}
}
proceedings{DBLP:conf/lics/2004,
  title        = {LICS},
  booktitle    = {LICS},
  publisher    = {IEEE Computer Society},
  year         = {2004},
  isbn         = {0-7695-2192-4},
  bibsource    = {DBLP, http://dblp.uni-trier.de}
}


@proceedings{DBLP:conf/padl/2005,
  editor       = {Manuel V. Hermenegildo and
                  Daniel Cabeza},
  title        = PADL05,
  booktitle    = PADL05,
  publisher    = {Springer},
  series       = LNCS,
  volume       = {3350},
  year         = {2005},
  isbn         = {3-540-24362-3},
  bibsource    = {DBLP, http://dblp.uni-trier.de}
}
proceedings{DBLP:conf/padl/2005,
  title        = PADL05,
  booktitle    = PADL05,
  publisher    = {Springer},
  series       = LNCS,
  volume       = {3350},
  year         = {2005},
  isbn         = {3-540-24362-3},
  bibsource    = {DBLP, http://dblp.uni-trier.de}
}


@proceedings{DBLP:conf/esop/2004,
  editor       = {David A. Schmidt},
  title        = {Programming Languages and Systems, 13th European Symposium
                  on Programming, ESOP 2004, Held as Part of the Joint European
                  Conferences on Theory and Practice of Software, ETAPS 2004,
                  Barcelona, Spain, March 29 - April 2, 2004, Proceedings},
  booktitle    = {ESOP},
  publisher    = {Springer},
  series       = {Lecture Notes in Computer Science},
  volume       = {2986},
  year         = {2004},
  isbn         = {3-540-21313-9},
  bibsource    = {DBLP, http://dblp.uni-trier.de}
}
proceedings{DBLP:conf/esop/2004,
  editor       = {David A. Schmidt},
  title        = ESOP04,
  booktitle    = ESOP04,
  publisher    = {Springer},
  series       = LNCS,
  volume       = {2986},
  year         = {2004},
  isbn         = {3-540-21313-9},
  bibsource    = {DBLP, http://dblp.uni-trier.de}
}


@proceedings{DBLP:conf/ifl/2006,
  editor       = {Zolt{\'a}n Horv{\'a}th and
                  Vikt{\'o}ria Zs{\'o}k and
                  Andrew Butterfield},
  title        = IFL06,
  booktitle    = IFL06,
  publisher    = {Springer},
  series       = LNCS,
  volume       = {4449},
  year         = {2007},
  isbn         = {978-3-540-74129-9},
  bibsource    = {DBLP, http://dblp.uni-trier.de}
}
proceedings{DBLP:conf/ifl/2006,
  key          = {IFL06},
  title        = IFL06,
  booktitle    = IFL06,
  publisher    = {Springer},
  series       = LNCS,
  volume       = {4449},
  year         = {2007},
  isbn         = {978-3-540-74129-9},
  bibsource    = {DBLP, http://dblp.uni-trier.de}
}


@proceedings{DBLP:conf/ml/2006,
  editor       = {Andrew Kennedy and
                  Fran\c{c}ois Pottier},
  title        = ML06,
  booktitle    = ML06,
  publisher    = {ACM},
  year         = {2006},
  isbn         = {1-59593-483-9},
  bibsource    = {DBLP, http://dblp.uni-trier.de}
}
proceedings{DBLP:conf/ml/2006,
  title        = ML06,
  booktitle    = ML06,
  publisher    = {ACM},
  year         = {2006},
  isbn         = {1-59593-483-9},
  bibsource    = {DBLP, http://dblp.uni-trier.de}
}


@proceedings{DBLP:conf/aplas/2006,
  editor       = {Naoki Kobayashi},
  title        = APLAS06,
  booktitle    = APLAS06,
  publisher    = {Springer},
  series       = LNCS,
  volume       = {4279},
  year         = {2006},
  isbn         = {3-540-48937-1},
  bibsource    = {DBLP, http://dblp.uni-trier.de}
}
proceedings{DBLP:conf/aplas/2006,
  title        = APLAS06,
  booktitle    = APLAS06,
  publisher    = {Springer},
  series       = LNCS,
  volume       = {4279},
  year         = {2006},
  isbn         = {3-540-48937-1},
  bibsource    = {DBLP, http://dblp.uni-trier.de}
}


@proceedings{DBLP:conf/fossacs/2007,
  editor       = {Helmut Seidl},
  title        = FOSSACS07,
  booktitle    = FOSSACS07,
  publisher    = {Springer},
  series       = LNCS,
  volume       = {4423},
  year         = {2007},
  isbn         = {978-3-540-71388-3},
  bibsource    = {DBLP, http://dblp.uni-trier.de}
}
proceedings{DBLP:conf/fossacs/2007,
  title        = FOSSACS07,
  booktitle    = FOSSACS07,
  publisher    = {Springer},
  series       = LNCS,
  volume       = {4423},
  year         = {2007},
  isbn         = {978-3-540-71388-3},
  bibsource    = {DBLP, http://dblp.uni-trier.de}
}


@proceedings{DBLP:conf/pldi/2007,
  editor       = {Jeanne Ferrante and
                  Kathryn S. McKinley},
  title        = PLDI07,
  booktitle    = PLDI07,
  publisher    = {ACM},
  year         = {2007},
  isbn         = {978-1-59593-633-2},
  bibsource    = {DBLP, http://dblp.uni-trier.de}
}
proceedings{DBLP:conf/pldi/2007,
  title        = PLDI07,
  booktitle    = PLDI07,
  publisher    = {ACM},
  year         = {2007},
  isbn         = {978-1-59593-633-2},
  bibsource    = {DBLP, http://dblp.uni-trier.de}
}


@proceedings{DBLP:conf/lfcs/2007,
  editor       = {Sergei N. Art{\"e}mov and
                  Anil Nerode},
  title        = {Logical Foundations of Computer Science, International Symposium,
                  LFCS 2007, New York, NY, USA, June 4-7, 2007, Proceedings},
  booktitle    = {LFCS},
  publisher    = {Springer},
  series       = {Lecture Notes in Computer Science},
  volume       = {4514},
  year         = {2007},
  isbn         = {978-3-540-72732-3},
  bibsource    = {DBLP, http://dblp.uni-trier.de}
}
proceedings{DBLP:conf/lfcs/2007,
  title        = {LFCS},
  booktitle    = {LFCS},
  publisher    = {Springer},
  series       = {LNCS},
  volume       = {4514},
  year         = {2007},
  isbn         = {978-3-540-72732-3},
  bibsource    = {DBLP, http://dblp.uni-trier.de}
}


@proceedings{DBLP:conf/ictac/2008,
  editor       = {John S. Fitzgerald and
                  Anne Elisabeth Haxthausen and
                  H{\"u}sn{\"u} Yenig{\"u}n},
  title        = {Theoretical Aspects of Computing - ICTAC 2008, 5th International
                  Colloquium, Istanbul, Turkey, September 1-3, 2008. Proceedings},
  booktitle    = {ICTAC},
  publisher    = {Springer},
  series       = {Lecture Notes in Computer Science},
  volume       = {5160},
  year         = {2008},
  isbn         = {978-3-540-85761-7},
  bibsource    = {DBLP, http://dblp.uni-trier.de}
}
proceedings{DBLP:conf/ictac/2008,
  title        = {ICTAC},
  booktitle    = {ICTAC},
  publisher    = {Springer},
  series       = {LNCS},
  volume       = {5160},
  year         = {2008},
  isbn         = {978-3-540-85761-7},
  bibsource    = {DBLP, http://dblp.uni-trier.de}
}


@proceedings{DBLP:conf/pepm/2009,
  editor    = {Germ{\'a}n Puebla and
               Germ{\'a}n Vidal},
  title     = {Proceedings of the 2009 ACM SIGPLAN Symposium on Partial
               Evaluation and Semantics-based Program Manipulation, PEPM
               2009, Savannah, GA, USA, January 19-20, 2009},
  booktitle = {PEPM},
  publisher = {ACM},
  year      = {2009},
  isbn      = {978-1-60558-327-3},
  bibsource = {DBLP, http://dblp.uni-trier.de}
}
proceedings{DBLP:conf/pepm/2009,
  title     = {PEPM},
  booktitle = {PEPM},
  publisher = {ACM},
  year      = {2009},
  isbn      = {978-1-60558-327-3},
  bibsource = {DBLP, http://dblp.uni-trier.de}
}


@proceedings{DBLP:conf/pepm/2010,
  editor    = {John P. Gallagher and
               Janis Voigtl{\"a}nder},
  title     = {Proceedings of the 2010 ACM SIGPLAN Workshop on Partial
               Evaluation and Program Manipulation, PEPM 2010, Madrid,
               Spain, January 18-19, 2010},
  booktitle = {PEPM},
  publisher = {ACM},
  year      = {2010},
  isbn      = {978-1-60558-727-1},
  bibsource = {DBLP, http://dblp.uni-trier.de}
}
proceedings{DBLP:conf/pepm/2010,
  title     = {PEPM},
  booktitle = {PEPM},
  publisher = {ACM},
  year      = {2010},
  isbn      = {978-1-60558-727-1},
  bibsource = {DBLP, http://dblp.uni-trier.de}
}